@book{bildgebende_verfahren,
    author = "{Olaf DÃ¶ssel}",
    publisher = {Springer-Verlag},
    title = {Bildgebende Verfahren in der Medizin},
    year = {2000}
    }
@book{povh,
    Author = {Bogdan Povh and Klaus Rith and Christoph Scholz and Frank Zetsche},
    Publisher = {Springer-Verlag},
    Title = {Teilchen und Kerne},
    Year = {2009}}

@booklet{particle_physics_booklet,
    author = "{Particle Data Group}",
    publisher = {IOP Publishing},
    title = {Particle Physics Booklet},
    year = {2010},
    month = july}
